<record><leader>00000cas a22000007i 4500</leader><controlfield tag="001">862977469</controlfield><controlfield tag="006">m     o  d        </controlfield><controlfield tag="007">cr |n|000|||||</controlfield><controlfield tag="008">970409d19191924oruwr neo     0   a0eng  </controlfield><datafield ind1=" " ind2=" " tag="010"><subfield code="a">  2013271906</subfield></datafield><datafield ind1=" " ind2=" " tag="040"><subfield code="a">Nz</subfield><subfield code="b">eng</subfield><subfield code="e">rda</subfield><subfield code="c">Z5A</subfield><subfield code="d">DLC</subfield><subfield code="d">OCLCF</subfield></datafield><datafield ind1="0" ind2=" " tag="022"><subfield code="a">2333-147X</subfield><subfield code="2">1</subfield></datafield><datafield ind1="0" ind2=" " tag="029"><subfield code="a">NZ1</subfield><subfield code="b">15126696</subfield></datafield><datafield ind1=" " ind2=" " tag="042"><subfield code="a">msc</subfield><subfield code="a">nsdp</subfield></datafield><datafield ind1=" " ind2=" " tag="043"><subfield code="a">n-us-or</subfield></datafield><datafield ind1="1" ind2="0" tag="050"><subfield code="a">ISSN RECORD</subfield></datafield><datafield ind1="0" ind2="0" tag="082"><subfield code="a">071</subfield><subfield code="2">23</subfield></datafield><datafield ind1="0" ind2=" " tag="130"><subfield code="a">Ashland weekly tidings (Online)</subfield></datafield><datafield ind1=" " ind2="0" tag="222"><subfield code="a">Ashland weekly tidings</subfield><subfield code="b">(Online)</subfield></datafield><datafield ind1="1" ind2="0" tag="245"><subfield code="a">Ashland weekly tidings.</subfield></datafield><datafield ind1="1" ind2="3" tag="246"><subfield code="a">Ashland tidings</subfield></datafield><datafield ind1=" " ind2="1" tag="264"><subfield code="a">Ashland, Oregon :</subfield><subfield code="b">The Ashland Printing Company</subfield></datafield><datafield ind1=" " ind2=" " tag="300"><subfield code="a">1 online resource</subfield></datafield><datafield ind1=" " ind2=" " tag="310"><subfield code="a">Weekly</subfield></datafield><datafield ind1=" " ind2=" " tag="336"><subfield code="a">text</subfield><subfield code="b">txt</subfield><subfield code="2">rdacontent</subfield></datafield><datafield ind1=" " ind2=" " tag="337"><subfield code="a">computer</subfield><subfield code="b">c</subfield><subfield code="2">rdamedia</subfield></datafield><datafield ind1=" " ind2=" " tag="338"><subfield code="a">online resource</subfield><subfield code="b">cr</subfield><subfield code="2">rdacarrier</subfield></datafield><datafield ind1="1" ind2=" " tag="362"><subfield code="a">Began in 1919; ceased in 1924.</subfield></datafield><datafield ind1=" " ind2=" " tag="588"><subfield code="a">Description based on: Vol. XLIII, no. 64 (September 24, 1919); title from masthead (Chroniclingamerica.loc.gov, viewed February 19, 2014).</subfield></datafield><datafield ind1=" " ind2=" " tag="588"><subfield code="a">Latest issue consulted: Vol. XLVI, no. 17 (December 27, 1922) (Chroniclingamerica.loc.gov, viewed February 19, 2014).</subfield></datafield><datafield ind1=" " ind2="0" tag="651"><subfield code="a">Ashland (Or.)</subfield><subfield code="v">Newspapers.</subfield></datafield><datafield ind1=" " ind2="7" tag="655"><subfield code="a">Newspapers.</subfield><subfield code="2">fast</subfield><subfield code="0">(OCoLC)fst01423814</subfield></datafield><datafield ind1=" " ind2="7" tag="651"><subfield code="a">Oregon</subfield><subfield code="z">Ashland.</subfield><subfield code="2">fast</subfield><subfield code="0">(OCoLC)fst01207489</subfield></datafield><datafield ind1=" " ind2=" " tag="752"><subfield code="a">United States</subfield><subfield code="b">Oregon</subfield><subfield code="c">Jackson</subfield><subfield code="d">Ashland.</subfield></datafield><datafield ind1="0" ind2=" " tag="775"><subfield code="t">Ashland daily tidings (Ashland, Or. : 1919 : Online)</subfield><subfield code="x">2333-1445</subfield><subfield code="w">(DLC)  2013271907</subfield><subfield code="w">(OCoLC)861994852</subfield></datafield><datafield ind1="0" ind2="8" tag="776"><subfield code="i">Originally issued in print:</subfield><subfield code="t">Ashland weekly tidings</subfield><subfield code="x">2333-1453</subfield><subfield code="w">(DLC)sn 96088004</subfield><subfield code="w">(OCoLC)36710750</subfield></datafield><datafield ind1="4" ind2="0" tag="856"><subfield code="u">http://www.loc.gov/chroniclingamerica/lccn/sn96088004/issues</subfield></datafield></record>